@misc{what_react_is_and_why_it_matters,
    title     = {What React Is and Why It Matters},
    publisher = {O'Reilly Media, Inc.},
    author    = {Baer, Eric},
    year      = {2018},
    month     = {8},
    isbn      = {9781491996737}
}

@misc{what_is_angular,
    title     = {What is Angular?},
    author    = {Angular},
    url       = {https://angular.io/guide/what-is-angular}
}

@misc{angular_vs_react,
    title     = {Angular vs React: Which to Choose for Your Front End in 2024?},
    author    = {Dhaduk, Hiren},
    url       = {https://www.simform.com/blog/angular-vs-react/},
    year      = {2023},
    month     = {4},
    day       = {6}
}

@misc{svelte_and_why_you_should_consider_it,
    title     = {What is Svelte and Why You Should Consider it For Your Business?},
    author    = {Russo, David},
    url       = {https://www.bairesdev.com/blog/svelte-and-why-you-should-consider-it/},
}