@misc{mvc_mvt_difference,
    title     = {MVC Vs MVT Architecture},
    url       = {https://sahiljaggarwal.hashnode.dev/mvc-vs-mvt-architecture},
    journal   = {Python Blogs},
    publisher = {Python Blogs},
    author    = {Jaggerwal, Sahil},
    year      = {2023},
    month     = {2}
}

@online{about_framework,
    author = {GeeksForGeeks},
    title = {What is a Framework?},
    date = {2023-09-01},
    url = {https://www.geeksforgeeks.org/what-is-a-framework/},
}

// Date not specified
@online{mvc_mvt_difference_img,
    author = {Rafał Buczyński},
    title = {MVT, MVC Architecture},
    url = {https://python.plainenglish.io/mvt-architecture-in-django-introduction-and-comparison-with-mvc-37cd617b542e},
}

@online{about_django,
    author    = {Django},
    title     = {What is Django?},
    date      = {2023-09-21},
    url       = {https://www.ibm.com/topics/django}
}

@online{about_react,
    author = {The Research Nes},
    title = {Everything you need to know about React},
    date = {2021-11-15},
    url = {https://medium.com/the-research-nest/everything-you-need-to-know-about-react-ab24da4275ea},
}

// Date not specified
@online{about_angular,
    author = {Flexiple},
    title = {All About Angular},
    url = {https://flexiple.com/angular/deep-dive},
}

// Date not specified
@online{about_laravel,
    author = {Laravel},
    title = {Meet Laravel},
    url = {https://laravel.com/docs/10.x#meet-laravel},
}

@online{about_vuejs,
    author = {Anthony Corbo},
    title = {What is Vue.js?},
    date = {2022-12-29},
    url = {https://builtin.com/software-engineering-perspectives/vue-js}
}

// Date not specified
@online{about_svelte,
    author = {Educative.io},
    title = {title},
    url = {https://www.educative.io/answers/what-is-svelte},
}

@online{framework_library_difference,
    author = {Franco Ferrari},
    title = {Framework vs. Library: breaking down the basics},
    date = {2023-08-23},
    url = {https://blog.elaniin.com/framework-vs-library-breaking-down-the-basics/},
}