@book{building_blocks_of_tabletop_design_2022,
  author = {Geoffrey Engelstein and Isaac Shalev},
  title = {Building Blocks of Tabletop Game Design: An encyclopedia of mechanisms},
  publisher = {CRC Press, Taylor \& Francis Group},
  address = {Boca Raton, Florida},
  year = {2020},
  edition = {1},
  isbn = {978-1032015835},
}

@online{attia_2018,
  author = {Peter Attia},
  journal = {Medium},
  title = {The full history of Board Games},
  year = {2016},
  urldate = {2024-02-14},
  url = {https://medium.com/@peterattia/the-full-history-of-board-games-5e622811ce89},
}

@online{british_museum_2021,
  author = {The~British~Museum},
  journal = {The British Museum},
  title = {Top 10 historical board games},
  year = {2021},
  urldate = {2024-02-14},
  url = {https://www.britishmuseum.org/blog/top-10-historical-board-games},
}

@online{chess_com_2023,
  author = {Colin Stapczynski},
  journal = {Chess.com},
  title = {History of Chess | From Early Stages to Magnus},
  year = {2023},
  urldate = {2024-02-14},
  url = {https://www.chess.com/article/view/history-of-chess},
}

@online{kickstarter,
  title = {Kickstarter},
  year = {2024},
  urldate = {2024-02-14},
  url = {https://www.kickstarter.com/discover/advanced?category_id=34\&woe_id=0\&sort=most_funded},
}

@online{board_game_supply_2023,
  author = {Luke Gibbeson},
  journal = {Board Game Supply},
  title = {Decoding The Difference: Tabletop Games Vs. Board Games},
  year = {2023},
  urldate = {2024-02-15},
  url = {https://boardgamesupply.com.au/decoding-the-difference-tabletop-games-vs-board-games},
}

@online{corvus_belli_2023,
  author = {Cora Diz},
  journal = {Corvus Belli},
  title = {Board games with apps: yes or no?},
  year = {2023},
  urldate = {2024-03-02},
  url = {https://corvusbelli.com/en/press-room/blog/apps-in-board-games},
}

@online{dnd_beyond_2023,
  author = {Riley Silverman},
  journal = {D\&D Beyond},
  title = {What Is Dungeons \& Dragons?},
  year = {2023},
  urldate = {2024-02-14},
  url = {https://www.dndbeyond.com/posts/1480-what-is-dungeons-dragons},
}

@online{dnd_beyond_app,
  author = {Wizards~of~the~Coast},
  title = {D\&D Beyond Mobile App},
  year = {2024},
  urldate = {2024-04-28},
  url = {https://www.dndbeyond.com/player-app},
}

@online{forgotten_waters,
  author = {Plaid~Hat~Games},
  journal = {Plaid Hat Games},
  title = {Forgotten Waters},
  year = {2020},
  urldate = {2024-03-07},
  url = {https://www.plaidhatgames.com/board-games/forgotten-waters/},
}

@online{fw_crossroads_app,
  author = {Plaid~Hat~Games},
  title = {Podpůrná aplikace pro hru Na vlnách neznáma},
  year = {2020},
  urldate = {2024-03-11},
  url = {https://fwcrossroads.plaidhatgames.com/},
}

@online{fw_remote_app,
  author = {Plaid~Hat~Games},
  title = {Plně online verze hry Na vlnách neznáma},
  year = {2024},
  urldate = {2024-03-11},
  url = {https://remote.fwcrossroads.com},
}

@online{gloomhaven,
  author = {Cephalofair~Games},
  title = {Gloomhaven},
  year = {2024},
  urldate = {2024-03-17},
  url = {https://cephalofair.com/pages/gloomhaven},
}

@online{gloomhaven_secretariat,
  author = {Cephalofair~Games},
  title = {Gloomhaven Secretariat},
  year = {2023},
  urldate = {2024-04-28},
  url = {https://ghs.champonthis.de},
}