# section abt history of api
@online{apiHistory,
  title   = {Short History of APIs},
  author  = {TransparentData},
  year    = {2024},
  url     = {https://medium.com/transparent-data-eng/short-history-of-api-from-cabinet-to-big-boom-894c56b2c332},
  urldate = {2024-03-29}
}
@misc{enwiki:1215865067,
  author       = {{Wikipedia contributors}},
  title        = {EDSAC --- {Wikipedia}{,} The Free Encyclopedia},
  year         = {2024},
  howpublished = {\url{https://en.wikipedia.org/w/index.php?title=EDSAC&oldid=1215865067}},
  note         = {[Online; accessed 29-March-2024]}
}
@book{Wilkes1951,
  author    = {Maurice Wilkes and David Wheeler and Stanley Gill},
  title     = {The Preparation of Programs for an Electronic Digital Computer},
  publisher = {ADDISON-WESLEY PUBLISHING COMPANY, INC. Reading,},
  address   = {Massachusetts, U.S.A.},
  year      = {1951},
  edition   = {1},
  isbn      = {9780938228035}
}
@article{art:fall_joint_computer_conference,
  author  = {IRA W.COTTON,  FRANK S. GREATOREX, JR},
  journal = {Fall Joint Computer Conference},
  number  = {},
  title   = {Data structures and techniques for remote
             computer graphics},
  volume  = {},
  url     = {https://dl.acm.org/doi/pdf/10.1145/1476589.1476661},
  year    = {1968}
}
@article{art:comparasion_of_the_application_programming_interfaces,
  author  = {C.J Date,   E. F. Codd},
  journal = {},
  number  = {},
  title   = {THE
             RELATIONAL
             AND
             NETWORK
             APPROACHES:
             COMPARISON
             OF THE
             APPLICATION
             PROGRAMMING
             INTERFACES },
  volume  = {},
  url     = {https://dl.acm.org/doi/pdf/10.1145/800297.811532},
  year    = {}
}
@phdthesis{phd:api_web_services,
  author       = {Roy Thomas Fielding},
  title        = {Architectural Styles and the Design of Network-based Software Architectures},
  school       = {University of California},
  year         = {2000},
  howpublished = {Doctoral dissertation},
  url          = {https://ics.uci.edu/~fielding/pubs/dissertation/fielding_dissertation.pdf},
  urldate      = {2024-03-29}
}

# jiná část whatever


@online{oauth,
  title   = {OAuth 2.0},
  author  = {Aaron Parecki},
  year    = {2024},
  url     = {https://oauth.net/2/},
  urldate = {2024-03-22}
}

@online{swaggerOauth,
  title   = {OAuth 2.0},
  author  = {Smart Bear Software},
  year    = {2024},
  url     = {https://swagger.io/docs/specification/authentication/oauth2/},
  urldate = {2024-03-22}
}